<record><leader>00000cas a22000007a 4500</leader><controlfield tag="001">9650326</controlfield><controlfield tag="008">830628c19839999iluwn ne      0   a0eng d</controlfield><datafield ind1=" " ind2=" " tag="010"><subfield code="a">sn 83009184 </subfield></datafield><datafield ind1=" " ind2=" " tag="040"><subfield code="a">NSD</subfield><subfield code="b">eng</subfield><subfield code="c">NSD</subfield><subfield code="d">OCLCQ</subfield></datafield><datafield ind1=" " ind2=" " tag="012"><subfield code="k">1</subfield><subfield code="m">p</subfield></datafield><datafield ind1="1" ind2=" " tag="022"><subfield code="a">0745-9742</subfield><subfield code="l">0745-9742</subfield><subfield code="y">0191-6440</subfield><subfield code="2">1</subfield></datafield><datafield ind1=" " ind2=" " tag="032"><subfield code="a">013610</subfield><subfield code="b">USPS</subfield></datafield><datafield ind1=" " ind2=" " tag="037"><subfield code="b">News/Voice Newspapers, Inc., 1899 Second Street, Highland Park, Il. 60035</subfield></datafield><datafield ind1=" " ind2=" " tag="042"><subfield code="a">nsdp</subfield></datafield><datafield ind1=" " ind2="0" tag="222"><subfield code="a">Winnetka news/voice</subfield></datafield><datafield ind1="0" ind2="0" tag="245"><subfield code="a">Winnetka news/voice.</subfield></datafield><datafield ind1="1" ind2="0" tag="246"><subfield code="a">Winnetka news voice</subfield></datafield><datafield ind1="1" ind2="0" tag="246"><subfield code="a">News voice</subfield></datafield><datafield ind1="1" ind2="7" tag="246"><subfield code="a">News/voice</subfield></datafield><datafield ind1=" " ind2=" " tag="260"><subfield code="a">Highland Park, IL :</subfield><subfield code="b">News/Voice Newspapers, Inc.,</subfield></datafield><datafield ind1=" " ind2=" " tag="300"><subfield code="a">v.</subfield></datafield><datafield ind1=" " ind2=" " tag="310"><subfield code="a">Weekly (except last week in Dec.),</subfield><subfield code="b">&lt;Jan. 11, 1989-&gt;</subfield></datafield><datafield ind1=" " ind2=" " tag="321"><subfield code="a">Weekly (except last week in Dec.),</subfield><subfield code="b">June 9, 1983-</subfield></datafield><datafield ind1=" " ind2=" " tag="321"><subfield code="a">Weekly,</subfield><subfield code="b">&lt;Jan. 29, 1986-&gt;</subfield></datafield><datafield ind1="0" ind2=" " tag="362"><subfield code="a">Vol. 1, no. 1 (June 9, 1983)-</subfield></datafield><datafield ind1=" " ind2=" " tag="752"><subfield code="a">United States</subfield><subfield code="b">Illinois</subfield><subfield code="c">Lake</subfield><subfield code="d">Highland Park.</subfield></datafield><datafield ind1=" " ind2=" " tag="752"><subfield code="a">United States</subfield><subfield code="b">Illinois</subfield><subfield code="c">Lake</subfield><subfield code="d">Winnetka.</subfield></datafield><datafield ind1="0" ind2="0" tag="780"><subfield code="t">Winnetka news-advertiser</subfield><subfield code="x">0191-6440</subfield><subfield code="w">(DLC)sn 79006728</subfield></datafield><datafield ind1=" " ind2=" " tag="936"><subfield code="a">Vol. 7, no. 2 (Wednesday, Jan. 11, 1989) LIC</subfield></datafield></record>